@online{xv6,
  author = {MIT},
  title = {Xv6, a simple Unix-like teaching operating system},
  year = 2012,
  url = {https://pdos.csail.mit.edu/6.828/2012/xv6.html},
  urldate = {2018-01-28}
}

@online{6.828,
  author = {MIT},
  title = {6.828: Operating System Engineering},
  year = 2017,
  url = {https://pdos.csail.mit.edu/6.828/2017/},
  urldate = {2018-02-01}
}



@article{exokernel,
 author = {Kaashoek, M. Frans and Engler, Dawson R. and Ganger, Gregory R. and Brice\~{n}o, Hector M. and Hunt, Russell and Mazi\`{e}res, David and Pinckney, Thomas and Grimm, Robert and Jannotti, John and Mackenzie, Kenneth},
 title = {Application Performance and Flexibility on Exokernel Systems},
 journal = {SIGOPS Oper. Syst. Rev.},
 issue_date = {Dec. 1997},
 volume = {31},
 number = {5},
 month = oct,
 year = {1997},
 issn = {0163-5980},
 pages = {52--65},
 numpages = {14},
 url = {http://doi.acm.org/10.1145/269005.266644},
 doi = {10.1145/269005.266644},
 acmid = {266644},
 publisher = {ACM},
 address = {New York, NY, USA},
} 

@inproceedings{vmm,
 author = {Chen, Peter M. and Noble, Brian D.},
 title = {When Virtual Is Better Than Real},
 booktitle = {Proceedings of the Eighth Workshop on Hot Topics in Operating Systems},
 series = {HOTOS '01},
 year = {2001},
 pages = {133--},
 url = {http://dl.acm.org/citation.cfm?id=874075.876409},
 acmid = {876409},
 publisher = {IEEE Computer Society},
 address = {Washington, DC, USA},
} 

@article{microvmm,
 author = {Ford, Bryan and Hibler, Mike and Lepreau, Jay and Tullmann, Patrick and Back, Godmar and Clawson, Stephen},
 title = {Microkernels Meet Recursive Virtual Machines},
 journal = {SIGOPS Oper. Syst. Rev.},
 issue_date = {Oct. 1996},
 volume = {30},
 number = {SI},
 month = oct,
 year = {1996},
 issn = {0163-5980},
 pages = {137--151},
 numpages = {15},
 url = {http://doi.acm.org/10.1145/248155.238769},
 doi = {10.1145/248155.238769},
 acmid = {238769},
 publisher = {ACM},
 address = {New York, NY, USA},
} 

