@article{voipbg,
 author = {Sicker, Douglas C. and Lookabaugh, Tom},
 title = {VoIP Security: Not an Afterthought},
 journal = {Queue},
 issue_date = {September 1, 2004},
 volume = {2},
 number = {6},
 month = sep,
 year = {2004},
 issn = {1542-7730},
 pages = {56--64},
 numpages = {9},
 url = {http://doi.acm.org/10.1145/1028893.1028898},
 doi = {10.1145/1028893.1028898},
 acmid = {1028898},
 publisher = {ACM},
 address = {New York, NY, USA},
} 


@inproceedings{mcgann,
  title={An analysis of security threats and tools in SIP-based VoIP systems},
  author={McGann, Sicker and Sicker, Douglas C},
  booktitle={Second VoIP security workshop},
  year={2005}
}

@article{keromytis,
  title={Voice-over-IP security: Research and practice},
  author={Keromytis, Angelos D},
  journal={IEEE Security \& Privacy},
  volume={8},
  number={2},
  year={2010},
  publisher={IEEE}
}

@article{geneiatakis2006survey,
  title={Survey of security vulnerabilities in session initiation protocol},
  author={Geneiatakis, Dimitris and Dagiuklas, Tasos and Kambourakis, Georgios and Lambrinoudakis, Costas and Gritzalis, Stefanos and Ehlert, Karlovassi Sven and Sisalem, Dorgham},
  journal={IEEE Communications Surveys \& Tutorials},
  volume={8},
  number={3},
  pages={68--81},
  year={2006},
  publisher={IEEE}
}

@INPROCEEDINGS{srihari,
author={V. Srihari and P. Kalpana and R. Anitha},
booktitle={Second International Conference on Current Trends In Engineering and Technology - ICCTET 2014},
title={Security aspects of SIP based VoIP networks: A survey},
year={2014},
volume={},
number={},
pages={143-150},
doi={10.1109/ICCTET.2014.6966278},
month={July}
}

@INPROCEEDINGS{vuong,
author={Son Vuong and Yan Bai},
booktitle={The 6th International Conference on Advanced Communication Technology, 2004.},
title={A survey of VoIP intrusions and intrusion detection systems},
year={2004},
volume={1},
number={},
pages={317-322},
month={Feb}
}

@article{keromytis2012comprehensive,
  title={A comprehensive survey of voice over IP security research},
  author={Keromytis, Angelos D},
  journal={IEEE communications surveys \& tutorials},
  volume={14},
  number={2},
  pages={514--537},
  publisher={IEEE}
}