@article{voipbg,
 author = {Sicker, Douglas C. and Lookabaugh, Tom},
 title = {VoIP Security: Not an Afterthought},
 journal = {Queue},
 issue_date = {September 1, 2004},
 volume = {2},
 number = {6},
 month = sep,
 year = {2004},
 issn = {1542-7730},
 pages = {56--64},
 numpages = {9},
 url = {http://doi.acm.org/10.1145/1028893.1028898},
 doi = {10.1145/1028893.1028898},
 acmid = {1028898},
 publisher = {ACM},
 address = {New York, NY, USA},
} 


@inproceedings{mcgann,
  title={An analysis of security threats and tools in SIP-based VoIP systems},
  author={McGann, Sicker and Sicker, Douglas C},
  booktitle={Second VoIP security workshop},
  year={2005}
}

@article{keromytis,
  title={Voice-over-IP security: Research and practice},
  author={Keromytis, Angelos D},
  journal={IEEE Security \& Privacy},
  volume={8},
  number={2},
  year={2010},
  publisher={IEEE}
}

@article{geneiatakis2006survey,
  title={Survey of security vulnerabilities in session initiation protocol},
  author={Geneiatakis, Dimitris and Dagiuklas, Tasos and Kambourakis, Georgios and Lambrinoudakis, Costas and Gritzalis, Stefanos and Ehlert, Karlovassi Sven and Sisalem, Dorgham},
  journal={IEEE Communications Surveys \& Tutorials},
  volume={8},
  number={3},
  pages={68--81},
  year={2006},
  publisher={IEEE}
}

@INPROCEEDINGS{srihari,
author={V. Srihari and P. Kalpana and R. Anitha},
booktitle={Second International Conference on Current Trends In Engineering and Technology - ICCTET 2014},
title={Security aspects of SIP based VoIP networks: A survey},
year={2014},
volume={},
number={},
pages={143-150},
doi={10.1109/ICCTET.2014.6966278},
month={July}
}

@INPROCEEDINGS{vuong,
author={Son Vuong and Yan Bai},
booktitle={The 6th International Conference on Advanced Communication Technology, 2004.},
title={A survey of VoIP intrusions and intrusion detection systems},
year={2004},
volume={1},
number={},
pages={317-322},
month={Feb}
}

@article{vmware,
	title={Security Analysis of Voice-over-IP Protocols},
	author={Gupta and Shmatikov},
	journal={Computer Security Foundations Symposium},
	year={2007},
	publisher={IEEE}
}

@article{schurman,
	title={Wiretapping End-to-End Encrypted VoIP Calls:
	Real-World Attacks on ZRTP},
	author={Schurman et al.},
	journal={Proceedings of Privacy Enhancing Technologies},
	year={2017},

}

@techreport{rfc,
	AUTHOR = "Zimmerman, Johnston and Callas",
	TITLE = "{ZRTP: Media Path Key Agreement for Unicast Secure RTP}",
	HOWPUBLISHED = {Internet Requests for Comments},
	TYPE="{RFC}",
	NUMBER=6189,
	YEAR = {2011},
	URL={https://www.rfc-editor.org/rfc/rfc6189.txt}
}

@ARTICLE{dh,
	author={W. Diffie and M. Hellman},
	journal={IEEE Transactions on Information Theory},
	title={New directions in cryptography},
	year={1976},
	volume={22},
	number={6},
	pages={644-654},
	keywords={Cryptography;Application software;Communication system security;Computer aided instruction;Computer networks;Costs;Hardware;Information theory;Postal services;Public key cryptography;Telecommunication computing},
	doi={10.1109/TIT.1976.1055638},
	ISSN={0018-9448},
	month={Nov},}